@manual{mme2017,
	Author = {MME},
	Title = {Resenha energética brasileira. Exercício de 2016},
	Year = {2017},
	Publisher = {Secretaria de Planejamento e Desenvolvimento Energético},
	Address = {Brasília},
}


@book{biomassacortez,
	Author = {CORTEZ, Luis A. B.},
	Year = {2009},
	Title = {Biomassa para energia},
	Publisher = {Editora Unicamp},
	Address = {São Paulo},
}

@book{basu2010,
	Author = {P. BASU},
	Year = {2010},
	Title = {Biomass Gasification and Pyrolisis, Pratical Design and Theory},
	Publisher = {Elsevier Inc},
}

@book{higman2007,
	Author = {HIGMAN;BURGT},
	Title = {Gasification},
	Year = {2007},
	Publisher = {GPP, Second Edition},
}

@lei{pnrs,
	Author = {BRASIL},
	Title = {Lei Nº 12.305, de 2 de agosto de 2010. Institui a Política Nacional de Resíduos Sólidos},
	Year = {2010},
	Publisher = {Diário Oficial da República Federativa do Brasil. página 3, Seção 1},
	Address = {Brasília, DF},
}	


@article{bridgwater2003,
	Author = {BRIDGWATER, A. V.},
	Title = {Renewable fuels and chemicals by thermal processing of biomass},
	Publisher = {Chemical Engineering Journal, Vol.91, pp 87-102},
	Year = {2003},
	
}

@article{silva2008,
	Author = {M. B. SILVA},
	Title = {Avaliação energética do bagaço de cana em diferentes níveis de umidade e graus de compactação},
	Year = {2008},
	Publisher = {XVIII Encontro Nacional de Engenharia de Produção},
	Address = {Rio de Janeiro},
}

@book{sanchez2010,
	Author = {C. g. SANCHEZ,},
	Title = {Tecnologia da gaseificação de biomassa},
	Year = {2010},
	Publisher = {Editora Átomo},
	Address = {Campinas, SP},
}

@book{reed1988,
	Author = {T. B. REED},
	Title = {Handbook of Biomass Gasification},
	Year = {1988},
	Publisher = {The Biomass Energy Foundation Press},
	Address = {Golden, Colorado},
}

@article{chaves2016,
	Author = {CHAVES},
	Title = {Small-scale power generatio nanalysis:Downdraft gasifier coupled
	to engine generator set},
	Year = {2016},
	Publisher = {Renewable and Sustainable Energy Reviews. Science Direct},
	Address = {Parana, Brasil},
}

@article{villarini2015,
	Author = {VILLARINI},
	Title = {The case study of an innovative small scale biomass waste
	gasification heat and power plant contextualized in a farm},
	Year = {2015},
	Publisher = {ATI 2015 - 70th Conference of the ATI Engineering Association},
	Address = {Roma, Itália},
}

@article{figueiredo2012,
	Author = {FIGUEIREDO},
	Title = {Produção de energia elétrica através da biomassa em sistema de gaseificação concorrente e grupo gerador com capacidade de 50 kVA},
	Year = {2012},
	Publisher = {Semina: Ciências Exatas e Tecnológicas},
	Address = {Londrina},
}

@article{lora2006,
	Author = {LORA},
	Title = {Geração de eletricidade a partir da gaseificação de biomassa},
	Year = {2006},
	Publisher = {Encontro de Energia Meio Rural},
	Address = {Itajaúba, Minas Gerais},
}

@article{hasler1999,
	Author = {HASLER},
	Title = {Gas cleaning for IC engine applications from fixed bed
	biomass gasification},
	Year = {1999},
	Publisher = {Biomass and Bioenergy},
	Address {Zurich, Switzerland},
}

